{
  "leader": "01883cam a2200313Ia 4500",
  "fields": [
    {
      "001": "ocm06030918\\"
    },
    {
      "003": "OCoLC"
    },
    {
      "005": "20220104154035.0"
    },
    {
      "008": "800228s1926\\\\\\\\nyu\\\\\\\\\\\\\\\\\\\\\\000\\0\\eng\\\\"
    },
    {
      "010": {
        "ind1": "\\",
        "ind2": "\\",
        "subfields": [
          {
            "a": "   26018378 "
          }
        ]
      }
    },
    {
      "040": {
        "ind1": "\\",
        "ind2": "\\",
        "subfields": [
          {
            "a": "DLC"
          },
          {
            "b": "eng"
          },
          {
            "c": "URB"
          },
          {
            "d": "OCL"
          },
          {
            "d": "PBE"
          },
          {
            "d": "OCLCG"
          },
          {
            "d": "STF"
          },
          {
            "d": "P4I"
          },
          {
            "d": "ICW"
          },
          {
            "d": "OCLCF"
          },
          {
            "d": "OCLCQ"
          },
          {
            "d": "OCLCO"
          },
          {
            "d": "GOU"
          },
          {
            "d": "CSA"
          },
          {
            "d": "XFF"
          },
          {
            "d": "KFH"
          },
          {
            "d": "HCO"
          },
          {
            "d": "FQG"
          },
          {
            "d": "CPO"
          },
          {
            "d": "SNN"
          },
          {
            "d": "NJR"
          },
          {
            "d": "INT"
          },
          {
            "d": "CTL"
          },
          {
            "d": "TORON"
          },
          {
            "d": "UWO"
          },
          {
            "d": "IOG"
          },
          {
            "d": "HV6"
          },
          {
            "d": "DCHUA"
          },
          {
            "d": "LGG"
          },
          {
            "d": "W2U"
          },
          {
            "d": "MMC"
          },
          {
            "d": "TJC"
          },
          {
            "d": "UMK"
          },
          {
            "d": "RULBL"
          },
          {
            "d": "GAT"
          },
          {
            "d": "NNM"
          },
          {
            "d": "AKO"
          },
          {
            "d": "YUS"
          },
          {
            "d": "CBS"
          },
          {
            "d": "LBB"
          },
          {
            "d": "LBQ"
          },
          {
            "d": "NVS"
          },
          {
            "d": "OCLCQ"
          }
        ]
      }
    },
    {
      "019": {
        "ind1": "\\",
        "ind2": "\\",
        "subfields": [
          {
            "a": "1010950"
          },
          {
            "a": "1020448279"
          },
          {
            "a": "1026479515"
          },
          {
            "a": "1037466469"
          },
          {
            "a": "1038149748"
          }
        ]
      }
    },
    {
      "035": {
        "ind1": "\\",
        "ind2": "\\",
        "subfields": [
          {
            "a": "(OCoLC)6030918"
          },
          {
            "z": "(OCoLC)1010950"
          },
          {
            "z": "(OCoLC)1020448279"
          },
          {
            "z": "(OCoLC)1026479515"
          },
          {
            "z": "(OCoLC)1037466469"
          },
          {
            "z": "(OCoLC)1038149748"
          }
        ]
      }
    },
    {
      "050": {
        "ind1": "\\",
        "ind2": "4",
        "subfields": [
          {
            "a": "BR85"
          },
          {
            "b": ".F67 1926"
          }
        ]
      }
    },
    {
      "082": {
        "ind1": "0",
        "ind2": "4",
        "subfields": [
          {
            "a": "230"
          },
          {
            "b": "FOS"
          }
        ]
      }
    },
    {
      "100": {
        "ind1": "1",
        "ind2": "\\",
        "subfields": [
          {
            "a": "Fosdick, Harry Emerson,"
          },
          {
            "d": "1878-1969."
          }
        ]
      }
    },
    {
      "245": {
        "ind1": "1",
        "ind2": "0",
        "subfields": [
          {
            "a": "Adventurous religion and other essays /"
          },
          {
            "c": "by Harry Emerson Fosdick."
          }
        ]
      }
    },
    {
      "260": {
        "ind1": "\\",
        "ind2": "\\",
        "subfields": [
          {
            "a": "New York ;"
          },
          {
            "a": "London :"
          },
          {
            "b": "Harper & Brothers,"
          },
          {
            "c": "1926."
          }
        ]
      }
    },
    {
      "300": {
        "ind1": "\\",
        "ind2": "\\",
        "subfields": [
          {
            "a": "326 pages ;"
          },
          {
            "c": "20 cm"
          }
        ]
      }
    },
    {
      "336": {
        "ind1": "\\",
        "ind2": "\\",
        "subfields": [
          {
            "a": "text"
          },
          {
            "b": "txt"
          },
          {
            "2": "rdacontent"
          }
        ]
      }
    },
    {
      "337": {
        "ind1": "\\",
        "ind2": "\\",
        "subfields": [
          {
            "a": "unmediated"
          },
          {
            "b": "n"
          },
          {
            "2": "rdamedia"
          }
        ]
      }
    },
    {
      "338": {
        "ind1": "\\",
        "ind2": "\\",
        "subfields": [
          {
            "a": "volume"
          },
          {
            "b": "nc"
          },
          {
            "2": "rdacarrier"
          }
        ]
      }
    },
    {
      "505": {
        "ind1": "0",
        "ind2": "\\",
        "subfields": [
          {
            "a": "Adventurous Religion -- Moral Autonomy or Downfall -- I Believe in Man -- On Being a Real Skeptic -- How Shall We Think of God? -- ncerning Prayer -- Science and Religion -- Evolution and Religion -- Will Science Displace God? -- Science and Mystery -- The Desire for Immortality -- Limitation or Liberty -- Tolerance -- What Christian Liberals are Driving At -- The Dangers of Modernism -- The Need of Modern Religious Leadership -- The New Religious Reformation."
          }
        ]
      }
    },
    {
      "650": {
        "ind1": "\\",
        "ind2": "0",
        "subfields": [
          {
            "a": "Christianity."
          }
        ]
      }
    },
    {
      "650": {
        "ind1": "\\",
        "ind2": "7",
        "subfields": [
          {
            "a": "Christianity."
          },
          {
            "2": "fast"
          },
          {
            "0": "(OCoLC)fst00859599"
          }
        ]
      }
    },
    {
      "776": {
        "ind1": "0",
        "ind2": "8",
        "subfields": [
          {
            "i": "Online version:"
          },
          {
            "a": "Fosdick, Harry Emerson, 1878-1969."
          },
          {
            "t": "Adventurous religion and other essays."
          },
          {
            "d": "New York ; London : Harper & brothers ; 1926"
          },
          {
            "w": "(OCoLC)614404489"
          }
        ]
      }
    },
    {
      "994": {
        "ind1": "\\",
        "ind2": "\\",
        "subfields": [
          {
            "a": "Z0"
          },
          {
            "b": "NYRVC"
          }
        ]
      }
    },
    {
      "948": {
        "ind1": "\\",
        "ind2": "\\",
        "subfields": [
          {
            "h": "NO HOLDINGS IN NYRVC - 452 OTHER HOLDINGS"
          }
        ]
      }
    },
    {
      "999": {
        "ind1": "\\",
        "ind2": "\\",
        "subfields": [
          {
            "a": "00000000016397"
          }
        ]
      }
    }
  ]
}